% Encoding: ISO-8859-1

@Article{delmarcelle&hesselink,
  author = {Delmarcelle, Thierry and Hesselink, Lambertus},
  title  = {Visualizing Second Order Tensor Fields with Hyperstreamlines},
  year   = {1995},
  month  = {03},
}

@Article{zhang,
  author = {Lin, Zhongzang and Yeh, Harry and Laramee, Robert and Zhang, Eugene},
  title  = {2D Asymmetric Tensor Field Topology},
  year   = {2012},
  month  = {11},
  doi    = {10.1007/978-3-642-23175-9_13},
}

@Article{feng,
  author   = {L. {Feng} and I. {Hotz} and B. {Hamann} and K. {Joy}},
  title    = {Anisotropic Noise Samples},
  journal  = {IEEE Transactions on Visualization and Computer Graphics},
  year     = {2008},
  volume   = {14},
  number   = {2},
  pages    = {342-354},
  month    = {March},
  issn     = {1077-2626},
  doi      = {10.1109/TVCG.2007.70434},
  keywords = {approximation theory;computational geometry;data visualisation;Fourier analysis;image sampling;image texture;mesh generation;noise;relaxation theory;statistical distributions;stochastic processes;stochastic anisotropic noise samples;Poisson-disk characteristic;2D domain;nonoverlapping ellipses;graphics applications;spot samples;texture generation;line integral convolution;sampling theory;mesh generation;generalized anisotropic Lloyd relaxation;Voronoi tessellation computing;Voronoi cell;centroid computation;Fourier analysis tools;uniformly distributed samples;generalized blue noise properties;tensor field visualization;Anisotropic magnetoresistance;Visualization;Tensile stress;Sampling methods;Character generation;Stochastic resonance;Graphics;Convolution;Mesh generation;Noise generators;Flow visualization;Computer Graphics;Picture/Image Generation;Sampling;Relaxation;Flow visualization;Computer Graphics;Picture/Image Generation;Sampling;Relaxation;Algorithms;Anisotropy;Computer Graphics;Computer Simulation;Fourier Analysis;Magnetic Resonance Imaging;Stochastic Processes},
}

@Article{laramee,
  author     = {Palke, Darrel and Lin, Zhongzang and Chen, Guoning and Yeh, Harry and Vincent, Paul and Laramee, Robert and Zhang, Eugene},
  title      = {Asymmetric Tensor Field Visualization for Surfaces},
  journal    = {IEEE Transactions on Visualization and Computer Graphics},
  year       = {2011},
  volume     = {17},
  number     = {12},
  pages      = {1979--1988},
  month      = dec,
  issn       = {1077-2626},
  acmid      = {2068698},
  address    = {Piscataway, NJ, USA},
  doi        = {10.1109/TVCG.2011.170},
  issue_date = {December 2011},
  keywords   = {Tensor field visualization, asymmetric tensor fields, vector field visualization, fluid dynamics, solid deformation, earthquakeengineering, glyph packing, hyperstreamline placement, view-dependent visualization.},
  numpages   = {10},
  publisher  = {IEEE Educational Activities Department},
  url        = {http://dx.doi.org/10.1109/TVCG.2011.170},
}

@InProceedings{pang&zheng,
  author  = {Zheng, Xiaoqiang and Pang, A},
  title   = {2D asymmetric tensor analysis},
  year    = {2005},
  pages   = {3- 10},
  month   = {11},
  doi     = {10.1109/VISUAL.2005.1532770},
  isbn    = {0-7803-9462-3},
  journal = {Proceedings of the IEEE Visualization Conference},
}

@Article{laramee2,
  author = {Delmarcelle, Thierry and Hesselink, Lambertus},
  title  = {Visualizing Second Order Tensor Fields with Hyperstreamlines},
  year   = {1995},
  month  = {03},
}

@Comment{jabref-meta: databaseType:bibtex;}
