





@article{doi:10.1063/1.1477449,
author = {Haller,G. },
title = {Lagrangian coherent structures from approximate velocity data},
journal = {Physics of Fluids},
volume = {14},
number = {6},
pages = {1851-1861},
year = {2002},
doi = {10.1063/1.1477449},

URL = { 
        https://doi.org/10.1063/1.1477449
    
},
eprint = { 
        https://doi.org/10.1063/1.1477449
    
}

}


