@phdthesis{phdthesis,
author = {Tricoche, Xavier},
year = {2002},
month = {01},
pages = {},
title = {Vector and Tensor Field Topology Simplification, Tracking and Visualization}
}