@inproceedings{inproceedings,
author = {Zheng, Xiaoqiang and Pang, A},
year = {2005},
month = {11},
pages = {3- 10},
title = {2D asymmetric tensor analysis},
isbn = {0-7803-9462-3},
journal = {Proceedings of the IEEE Visualization Conference},
doi = {10.1109/VISUAL.2005.1532770}
}