@article{article,
author = {Wakana, Setsu and Jiang, Hangyi and Nagae, Lidia and van zijl, Peter and Mori, Susumu},
year = {2004},
month = {02},
pages = {77-87},
title = {Radiology Fiber Tract â€“ Based Atlas of Human White Matter Anatomy},
volume = {230},
journal = {Radiology},
doi = {10.1148/radiol.2301021640}
}