@inproceedings{inproceedings,
author = {Zheng, Xiaoqiang and Parlett, Beresford and Pang, A},
year = {2005},
month = {11},
pages = {551- 558},
title = {Topological structures of 3D tensor fields},
isbn = {0-7803-9462-3},
journal = {Proceedings of the IEEE Visualization Conference},
doi = {10.1109/VISUAL.2005.1532841}
}
57, 25, 35, 26