@article{article,
author = {Le Bihan, Denis},
year = {2003},
month = {06},
pages = {},
title = {Looking into the functional architecture of the brain with diffusion MRI},
volume = {4},
journal = {Nat. Rev.},
doi = {10.1016/j.ics.2006.04.006}
}