@inproceedings{inproceedings,
author = {O'Donnell, Lauren and Eric L. Grimson, W and Westin, Carl-Fredrik},
year = {2004},
month = {09},
pages = {360-367},
title = {Interface Detection in Diffusion Tensor MRI},
volume = {3216},
journal = {Lecture Notes in Computer Science},
doi = {10.1007/978-3-540-30135-6_44}
}