@article{article,
author = {Kindlmann, Gordon and B Ennis, Daniel and T Whitaker, Ross and Westin, Carl-Fredrik},
year = {2007},
month = {12},
pages = {1483-99},
title = {Diffusion Tensor Analysis With Invariant Gradients and Rotation Tangents},
volume = {26},
journal = {IEEE transactions on medical imaging},
doi = {10.1109/TMI.2007.907277}
}