@inproceedings{inproceedings,
author = {Kindlmann, Gordon and Tricoche, Xavier and Westin, Carl-Fredrik},
year = {2006},
month = {02},
pages = {126-33},
title = {Anisotropy Creases Delineate White Matter Structure in Diffusion Tensor MRI},
volume = {9},
journal = {Medical image computing and computer-assisted intervention : MICCAI ... International Conference on Medical Image Computing and Computer-Assisted Intervention},
doi = {10.1007/11866565_16}
}