@article{article,
author = {Delmarcelle, Thierry and Hesselink, Lambertus},
year = {1995},
month = {03},
pages = {},
title = {Visualizing Second Order Tensor Fields with Hyperstreamlines}
}