@article{article,
author = {Palacios, Jonathan and Yeh, Harry and Wang, Wenping and Zhang, Yue and Laramee, Robert and Sharma, Ritesh and Schultz, Thomas and Zhang, Eugene},
year = {2015},
month = {10},
pages = {},
title = {Feature Surfaces in Symmetric Tensor Fields Based on Eigenvalue Manifold},
volume = {22},
journal = {IEEE transactions on visualization and computer graphics},
doi = {10.1109/TVCG.2015.2484343}
}