@article{article,
author = {Lin, Zhongzang and Yeh, Harry and Laramee, Robert and Zhang, Eugene},
year = {2012},
month = {11},
pages = {},
title = {2D Asymmetric Tensor Field Topology},
doi = {10.1007/978-3-642-23175-9_13}
}