% This file was created with JabRef 2.10.
% Encoding: UTF8


@Article{Horst1912,
  Title                    = {von Schei√üe},
  Author                   = {Horst},
  Journal                  = {Blamagazin},
  Year                     = {1912},

  Owner                    = {Feenland},
  Timestamp                = {2015.08.03}
}